
 @article{fehrman_muhammad_mirkes_egan_gorban_2017, title={The Five factor model of personality and evaluation of Drug Consumption Risk}, DOI={10.1007/978-3-319-55723-6_18}, journal={Data Science}, author={Fehrman, Elaine and Muhammad, Awaz K. and Mirkes, Evgeny M. and Egan, Vincent and Gorban, Alexander N.}, year={2017}, pages={231â€“242}} 

  @article{qiao_chai_zhang_zhou_chu_2019, title={Predicting potential drug abusers using machine learning techniques}, DOI={10.1109/iciibms46890.2019.8991550}, journal={2019 International Conference on Intelligent Informatics and Biomedical Sciences (ICIIBMS)}, author={Qiao, Zhaoying and Chai, Tianrui and Zhang, Qinjing and Zhou, Xinyi and Chu, Zhuoling}, year={2019}} 

   @article{adinugroho_sari_hidayat_2019, title={Drug usage duration classification using extreme learning machine based on personality features}, DOI={10.1109/siet48054.2019.8986131}, journal={2019 International Conference on Sustainable Information Engineering and Technology (SIET)}, author={Adinugroho, Sigit and Sari, Yuita Arum and Hidayat, Nurul}, year={2019}} 
   